<?xml version="1.0" encoding="UTF-8"?><record xmlns="http://www.loc.gov/MARC21/slim" xmlns:cinclude="http://apache.org/cocoon/include/1.0" xmlns:zs="http://www.loc.gov/zing/srw/">
  <leader>00475cz  a2200133n  4500</leader>
  <controlfield tag="001">n 2011031928</controlfield>
  <controlfield tag="003">DLC</controlfield>
  <controlfield tag="005">20110513075003.0</controlfield>
  <controlfield tag="008">110512n| acannaabn           a aaa      </controlfield>
  <datafield tag="010" ind1=" " ind2=" ">
    <subfield code="a">n 2011031928</subfield>
  </datafield>
  <datafield tag="040" ind1=" " ind2=" ">
    <subfield code="a">DLC</subfield>
    <subfield code="b">eng</subfield>
    <subfield code="c">DLC</subfield>
  </datafield>
  <datafield tag="100" ind1="1" ind2=" ">
    <subfield code="a">Chavez-Segura, Alejandro,</subfield>
    <subfield code="d">1982-</subfield>
  </datafield>
  <datafield tag="400" ind1="1" ind2=" ">
    <subfield code="a">Segura, Alejandro Chavez-,</subfield>
    <subfield code="d">1982-</subfield>
  </datafield>
  <datafield tag="670" ind1=" " ind2=" ">
    <subfield code="a">A Tibetan Buddhist approach to international relations, 2011:</subfield>
    <subfield code="b">CIP t.p. (Alejandro Chavez-Segura) data view (Chavez-Segura, Alejandro; b. Jan. 7, 1982)</subfield>
  </datafield>
</record>